<?xml version="1.0" encoding="UTF-8"?><record xmlns="http://www.loc.gov/MARC21/slim" xmlns:cinclude="http://apache.org/cocoon/include/1.0" xmlns:zs="http://www.loc.gov/zing/srw/">
  <leader>00450nz  a2200133n  4500</leader>
  <controlfield tag="001">n 2013184955</controlfield>
  <controlfield tag="003">DLC</controlfield>
  <controlfield tag="005">20130731044105.0</controlfield>
  <controlfield tag="008">130731n| azannaabn          |n aaa      </controlfield>
  <datafield tag="010" ind1=" " ind2=" ">
    <subfield code="a">n 2013184955</subfield>
  </datafield>
  <datafield tag="035" ind1=" " ind2=" ">
    <subfield code="a">(DNLM)1574483</subfield>
  </datafield>
  <datafield tag="040" ind1=" " ind2=" ">
    <subfield code="a">DNLM</subfield>
    <subfield code="b">eng</subfield>
    <subfield code="e">rda</subfield>
    <subfield code="c">DNLM</subfield>
  </datafield>
  <datafield tag="100" ind1="1" ind2=" ">
    <subfield code="a">Okada, Morihito</subfield>
  </datafield>
  <datafield tag="670" ind1=" " ind2=" ">
    <subfield code="a">Illustrated anatomical segmentectomy for lung cancer, 2012:</subfield>
    <subfield code="b">t.p. (Morihito Okada) t.p. verso (Department of Surgical Oncology, Hiroshima University, Japan)</subfield>
  </datafield>
</record>